1372 2122
309 240 524 57 Rud. Pöppel in München.

88 298 951 50 319. Landschaft bei München 450

203 358 735 61 Frl. Emma Bindschädler in Zürich.

86 422 956 48 323. Ein Hof in Nürnberg 600

369 484 399 55 J. S. Hegi in Genf.

90 548 950 46 328. Mondscheinbeleuchtung 300

263 604 604 59 Achilles Weitnauer in Basel.

86 666 953 46 329. Vor der Jagd 300

302 726 537 53 J. Kornbeck in Stuttgart.

88 778 952 53 332. Parthie a. d. Richisau mit dem Faulen 1000

311 848 513 46 X. Schwegler in Luzern.

88 896 952 51 334. Des Jägers Töchterchen 900

334 961 469 54 Julius Luz in London.

86 1020 953 44 347. Römerin 350

329 1073 488 58 Ludwig Sckell in Tölz.

88 1135 952 44 349. Einsiedelei 440

267 1193 588 53 Preda Ambrogio in Lugano.

86 1248 953 49 350. Ponte de Piancabella 300

88 1303 952 48 351. Intérieur à Daveno 150

339 1361 457 57 H. Bodmer in Zürich.

88 1414 875 59 352. Portrait von Herrn Bundespräsident Heer.

382 1480 372 54 H. Hiller in Ulm.

86 1538 953 48 354. Bei Helgoland 200

254 1598 629 55 Ludwig Gebhardt in München.

92 1649 948 59 355. Der Königssee (vom Obersee aus gesehen) 600.

300 1713 537 74 Eduard Pfyffer in Zürich.

88 1777 951 69 356. Der Thorwächter 200
