1386 2151
543 250 539 58 Eduard Pfyffer in Zürich.

335 306 950 52 294. Kaffeetrinkerin 500

421 356 785 54 (Durch d. Sektion Zürich in d. Verloosung gewählt.)

580 421 474 57 Rud. Koller in Zürich.

335 480 952 48 297. Nebel auf der Alpe 2200

582 546 463 61 NikI. Pfyffer in Basel.

333 604 954 50 298. Bei Buochs (Vierwaldstättersee) 700

333 659 957 43 299. Bei Flüelen 360

333 711 952 45 300. Am Wallenstattersee 360

536 783 555 54 Carl Steiger in St. Gallen.

335 835 952 54 305. Dragoner aus dem dreissigjährigen Krieg 100

552 898 520 57 Alfred Du Mont in Genf.

333 958 952 45 307. Auf dem Land 1500

419 1012 785 45 (Durch d. Sektion Zürich in d. Verloosung gewählt.)

450 1068 729 57 Frl. Emma Bindschädler in Zürich.

335 1122 635 53 308. Portrait einer jungen Frau.

503 1197 623 54 Adolf Stademann in München.

333 1249 952 50 311. Winterabend, Motiv aus Holland 180

640 1306 342 45 (In Zürich verkauft.)

331 1349 951 47 312. Wintermorgen 180

527 1416 570 55 Carl Heilmayr in München.

333 1471 949 52 315. Mondnacht bei Venedig 180

640 1530 342 42 (In Zürich verkauft.)

541 1577 536 55 A. Meermann in München.

333 1634 949 49 317. Castel Toblino 880

417 1681 782 55 (Durch d. Sektion Zürich in d. Verloosung gewählt.)

580 1740 459 57 Chr. Mali in München.

335 1801 947 59 318. Morgen am Hallstättersee 600
