1347 2137
119 295 795 57 Wilh. Richrath in Huttingen a. d. Ruhr.

48 352 949 50 183. Früchtestillleben 300

217 413 618 57 Prof. H. Stelzner in München.

48 480 951 40 186. Im Atelier von Mieris 1500

206 530 640 57 Mathilde Freytag in München.

46 600 955 35 187. Aus der Ramsau 600

174 650 709 55 Prof. Werner Schuch in München.

46 715 953 40 188. Schlimme Pfade 4100

240 769 576 55 Fritz Völlmy in Karlsruhe.

44 824 953 48 189. Aus dem Kanton Bern 800

46 881 951 45 190. Feierabend 220

274 940 506 53 Gustave Castan in Genf.

46 993 951 52 192. Waldbach in den Hochalpen 2000

203 1057 648 57 Auguste de Beaumont in Genf.

44 1116 953 45 193. Les coqs de Bruyère 400

44 1168 953 46 194. Im Frühling 250

213 1226 633 57 Paul Borgmann in Karlsruhe.

44 1285 953 43 195. Der Schreihals 1250

174 1342 699 59 Heinrich Schaumann in München.

44 1403 953 44 197. Die Begegnung 600

285 1462 482 55 August Bauer in Weil.

44 1522 951 45 199. Trübe Stimmung 400

247 1579 558 55 Vittorio Avanzi in Verona.

42 1636 953 46 201. Morgen von Venedig 250

42 1688 955 50 202. Lagunen in Venedig 250

42 1738 955 49 203. Riva degli Schiavoni iu Venedig 350

42 1789 953 52 204. Die Rückkehr vom Markte 500
