1345 2126
331 263 445 50 Heinrich Schaumann.

70 318 957 48 223. Ungebetene Gäste 350

262 382 583 55 Johann Pollak in München.

69 441 958 51 230. 2 Zigeunerkinder (Broncebüsten) 500

228 512 649 54 Anna v. Oettingen in München.

69 572 957 44 232. Das Bad 1900

327 628 442 59 Karl Gehry in Bern.

67 692 959 48 233. Durchwachte Nacht 1400

317 756 471 57 B. Nägeli in München.

69 820 957 55 234. Frühlingsstimmung 375

148 876 801 45 (Durch d. Sektion Basel in die Verloosung gewählt.)

198 926 705 57 F. H. v. Riedtmüller in Stuttgart.

69 992 955 55 235. Bei Mannenbach am Untersee 400

283 1057 541 59 Adolf Stäbli in München.

67 1121 959 48 236. Aus der Umgegend des Ammersees 370

148 1176 801 46 (Durch d. Sektion Basel in die Verloosung gewählt.)

264 1231 575 55 August Müller in München.

67 1293 960 46 239. Der Grossvater 650

256 1353 598 57 Wilhelm Rögge in München.

67 1417 960 46 241. Die Toilette 875

216 1481 673 56 Max v. Sury in Friedrichshafen.

67 1544 959 43 242. Am Thunersee 1500

244 1606 613 57 Christian Schmidt in Zürich.

67 1670 957 44 244. Spätabend 280

287 1732 535 55 Friedrich Nerly in Rom.

67 1791 957 51 251. Brunnen auf dem Petersplatz in Rom 1200
