1371 2137
290 227 612 50 Theophil Preiswerk in Basel.

114 281 950 57 37. Fruhlingslied (in Basel verkauft) 800

295 349 605 57 Achilles Weitnauer in Basel.

115 411 949 46 38. Im Vorsommer 200

288 473 610 57 Diethelm Meyer in München.

114 536 950 48 39. Der Aelpler 1000

336 600 516 58 Paul Robinet in Gersau.

114 662 952 48 40. Herbstabend am Vierwaldstättersee 350

269 714 647 48 (In Zürich in die Verloosung gewählt.)

114 758 950 50 41. Urirothstock und Vierwaldstättersee 1000

395 822 403 57 L. Pautex in Genf.

112 888 952 46 42. Blumenstück 200

114 943 950 41 43. "200

176 1004 820 55 Jenny Hippenmeyer in Köln (aus Zürich).

112 1066 952 47 44. Brustbild eines Mohren 500

112 1118 952 48 45. Brustbild einer Hottentottin 500

329 1184 524 51 C. Baumgartner in Bern.

112 1243 936 58 47. Häusergruppe in Spezia, Aquarell 8

263 1294 646 48 (In Zürich in die Verloosung gewählt.)

112 1342 948 47 48. Parthie an der Aare 170

361 1403 464 55 Wilh. Benteli in Bern.

110 1467 952 52 49. Aus dem Berneroberland 200

304 1524 571 57 Bertha Froriep in Weimar.

110 1588 950 48 50. Brustbild eines Bergmanns 600

110 1641 949 49 51. Männliches Portrait 600

269 1709 640 50 Louis Toussaint in Düsseldorf.

112 1763 947 48 54. Bauern im Schlosse 1250
