1334 2114
246 232 582 51 ᗅd. Stademann in München.

77 290 929 48 81. Winterabend 210

244 362 582 57 Hch. Hoffmann in München.

77 426 927 49 84. Schafherde am Morgen 225

283 496 506 55 Jost Muheim in Luzern.

81 565 925 44 90. Berninagruppe und Mortaratschgletscher 450

140 614 795 44 (Durch d. Section Basel in die Verloosung gewahlt.)

257 671 544 53 Joseph Roesl in München.

75 732 927 50 92. Pfefferkuchenherz 500

266 799 544 55 Joseph Hahn in München.

77 863 927 46 94. Winter an der Lahn 600

207 930 660 56 Friedrich Häussler in München.

75 995 927 46 95. Ein Apfel 500

75 1046 927 49 96. Kleine Küchengäste 350

251 1115 566 56 Wilhelm Marc in München.

74 1178 930 44 97. Schulkinder 550

79 1247 907 56 Carl Theodor Meyer von Basel, in München.

74 1305 928 49 98. Erinnerung (in Basel verkauft) 450

74 1360 930 45 99. Vor München 150

211 1416 638 40 (In Glarus in die Verloosung gewählt.)

59 1449 945 57 100. Motiv bei München (in Basel verkauft) 170

250 1525 565 55 Carl Naumann in München.

56 1585 948 48 101. Der Sonntagsjäger 275

56 1638 944 47 102. Der Naturfreund 440

237 1708 587 55 E. Leuenberger in München.

58 1768 942 50 103. Brustbild eines Mohren 600
