1368 2116
538 239 588 51 Edouard Jeanmaire in Genf.

353 296 953 44 157. Der erste Schnee 200

425 349 807 44 (Durch d. Sektion Zürich in die Verloosung gewählt.)

349 386 955 51 158. Der Apfelbaum im Winter 350

566 446 526 54 Auguste Veillon in Genf.

353 499 953 54 159. Am Bord des Nil (in Basel verkauft) 350.

594 558 470 55 Jules Hébert in Genf.

349 613 955 48 162. Ritterstrasse in Rhodus 250

353 664 868 55 163. Mochee und Brunnen d’about Nabout.

446 726 860 39 b Jaffa 300

347 770 957 51 165. Bei Morvilliers (Normandie) 500

349 830 957 41 166. Orient 240

589 879 489 57 Henry Hébert in Genf.

349 939 955 46 167. Die Johannisbeeren 300

571 996 518 53 C. A. Sommer in Altona.

347 1059 957 37 169. Felsige Landschaft 190

471 1107 716 56 Louis Mennet in Bégnins (Waadt).

349 1165 955 46 172. Erinnerung an Holland 100

349 1216 957 50 173. Belle-Isle an der Küste der Bretagne 150.

518 1280 615 51 Friedr. Stoffert in Bergedorf.

347 1329 957 49 174. Norddeutscher Wald, Aquarell 350

347 1385 955 46 174a. Landschaft " 100

349 1435 953 47 174b. Landschaft " 100

485 1491 687 55 M. von Fischard in Baden-Baden.

347 1546 955 51 175. Parthie aus Besigheim (Württemberg) 150

621 1606 413 55 John Graff in Genf.

349 1664 955 44 176. Der Besuch 450

490 1719 680 54 Victor Puhonny in Baden-Baden.

351 1773 951 50 178. Bei Wintersdorf am Rhein 300
