1357 2108
560 245 464 50 B. Nägeli in München.

314 298 949 46 357. Alpe in Tyrol 700

465 349 658 55 Leonhard Steiner in Hottingen.

418 404 325 50 Vier Aquarellen:

314 460 953 47 358. Muttensee, am Kistenpass 450

311 512 956 43 359. Klönthalersee 450

312 562 951 49 360. Parthie auf Ennetbergen bei Glarus 400

460 611 652 49 (In Glarus in die Verloosung gewählt).

311 658 952 48 361. Selbsanft und Linthschlucht 200

599 711 392 56 G. Kägi in Zürich.

312 767 951 49 362. Sonnenuntergang am Katzensee 200

383 820 815 54 Theodor von Riedtmüller in Stuttgart.

314 876 951 53 363. Der Glärnisch von der Schwammhöhe 210

311 931 954 47 364. Ahorngruppe bei Richisau 200

472 987 640 52 Fanny Assenbaum in München.

311 1041 952 44 365. Sommer im Wald 200

499 1090 585 57 Faber du Tour in München.

311 1150 952 48 366. Aufbruch zur Jagd 625

520 1199 532 53 Friedr. Frey in Freiburg.

311 1256 952 45 371. Stillleben 220

523 1308 542 55 ᗅ. Rheinemann in Berlin.

314 1363 527 51 372. In banger Erwartung.

523 1417 535 55 Eduard Müller in Luzern.

311 1472 954 47 373. Dornröschen (Sculptur) 300

312 1521 953 56 374. Marmorbüste (Sculpt.), Studie (Römerin) 700.

311 1579 952 45 375. Trost am Grabe 500

588 1628 406 54 Rüdisühli in Basel.

311 1682 548 55 376. Am Vierwaldstättersee.

574 1732 429 65 R. Koller in Zürich.

312 1791 953 58 377. Morgen am See 4000
