1368 2125
506 219 537 55 Julie Kost in Düsseldorf.

290 276 953 46 56. Der Violinspieler 565

545 340 443 53 Louis Leuw in Stans.

294 393 868 60 58. Inneres des Benediktiner-Klosters von

368 449 877 43 Montreal, Aquarell 50

494 508 562 55 Josef Geisser in Lausanne.

290 564 957 48 62. In der Hütte des Hirten 250

292 618 953 47 63. Strasse in Yvoire in Savoyen 180

513 676 520 58 Niclaus Pfyffer in Basel.

290 736 955 48 66. Blick auf den Ammersee 1000

439 798 661 55 Cornelia Schouten in Nijmegen.

290 853 955 55 67. Ruhe im Frieden 1100

458 911 628 57 Elisabeth Kelly in St. Gallen.

288 972 957 46 68. Dorf am Untersee 450

290 1021 957 50 69. Haus im Kanton St. Gallen 250

290 1085 957 35 70. Am See 250

558 1128 430 54 F. Vuagnat in Genf.

294 1182 951 50 71. Die Schafe des Vaters Louis 250

561 1246 429 53 Fed. Moja in Turin.

292 1299 953 50 72. Inneres der Königl. Kapelle in Turin 600

542 1363 471 55 Wymann-Mori in Bern.

290 1425 955 41 73. Bachparthie bei Lützelfluh (Bern) 250

290 1469 957 48 74. Laubbach bei Guggisberg (Bern) 400

290 1530 955 40 75. Parthie aus dem Lauterbrunnenthal 450

441 1584 664 55 Antonia Boubong in Strassburg.

292 1643 953 41 77. Das Duett 1500

505 1703 533 58 Emil Beurmann in Basel.

290 1765 957 46 78. Blinder Bettler 350
