1385 2119
473 240 609 49 Franz Leinecker in München.

302 289 948 57 16. Am Strande des Gardasees 500

300 344 948 48 17. Abend in Venedig 500

462 399 635 54 C. von Rappard in Interlaken.

300 450 948 51 18. Das restaurirte Madonnenbild 1500

459 505 636 54 Eugène Girardet in Versailles.

298 565 950 45 20. Ein junger Bummler 1200

459 618 634 44 (In Zürich in die Verloosung gewählt.)

507 660 545 55 A. Rheinemann in Berlin.

298 716 952 46 21. Strand in Rügen 625

298 769 952 45 22. Mittag in Rügen 375

298 821 950 47 23. Abend in Rügen 375

492 874 573 56 Chr. Heyden in Düsseldorf.

300 927 376 53 25. Der Kapuziner.

545 983 463 55 Louis Pautex in Genf.

300 1043 950 44 26. Blumenspende 1200

399 1098 765 58 Wilhelm Brandenburg in Düsseldorf.

298 1156 952 48 29. Schloss Els an der Mosel 250

300 1220 950 37 30. Bayerischer Wasserfall 250

514 1271 533 55 Wilhelm Benteli in Bern.

298 1324 947 51 31. Der Wildstrubel vom Adelboden aus 380

381 1377 802 49 (Durch d. Section Zürich in die Verloosung gewählt.)

563 1435 429 53 Carl Gehry in Bern.

300 1488 862 51 32. Die Grossmutter ertheilt Handfertigkeits-

378 1545 870 44 Unterricht 600

480 1598 594 56 Carl Dietze in Baden-Baden.

302 1656 946 48 33. Mädchen mit Schafen 130

558 1712 452 57 Eduard Brot in Genf.

300 1771 948 51 34. Küste der Normandie 400
